%Bibliography - Arthur Morato TCC II

@book{alag2009collective,
  title={Collective intelligence in action},
  author={Alag, Satnam},
  year={2009},
  publisher={Manning New York}
}

@book{ricci2011introduction,
  title={Introduction to recommender systems handbook},
  author={Ricci, Francesco and Rokach, Lior and Shapira, Bracha},
  year={2011},
  publisher={Springer}
}

@article{resnick1997recommender,
  title={Recommender systems},
  author={Resnick, Paul and Varian, Hal R},
  journal={Communications of the ACM},
  volume={40},
  number={3},
  pages={56--58},
  year={1997},
  publisher={ACM}
}

@inproceedings{bennett2007netflix,
  title={The netflix prize},
  author={Bennett, James and Lanning, Stan},
  booktitle={Proceedings of KDD cup and workshop},
  volume={2007},
  pages={35},
  year={2007}
}

@article{zhou2010solving,
  title={Solving the apparent diversity-accuracy dilemma of recommender systems},
  author={Zhou, Tao and Kuscsik, Zolt{\'a}n and Liu, Jian-Guo and Medo, Mat{\'u}{\v{s}} and Wakeling, Joseph Rushton and Zhang, Yi-Cheng},
  journal={Proceedings of the National Academy of Sciences},
  volume={107},
  number={10},
  pages={4511--4515},
  year={2010},
  publisher={National Acad Sciences}
}

@article{su2009survey,
  title={A survey of collaborative filtering techniques},
  author={Su, Xiaoyuan and Khoshgoftaar, Taghi M},
  journal={Advances in artificial intelligence},
  volume={2009},
  pages={4},
  year={2009},
  publisher={Hindawi Publishing Corp.}
}

@inproceedings{schafer1999recommender,
  title={Recommender systems in e-commerce},
  author={Schafer, J Ben and Konstan, Joseph and Riedl, John},
  booktitle={Proceedings of the 1st ACM conference on Electronic commerce},
  pages={158--166},
  year={1999},
  organization={ACM}
}

@article{adomavicius2005toward,
  title={Toward the next generation of recommender systems: A survey of the state-of-the-art and possible extensions},
  author={Adomavicius, Gediminas and Tuzhilin, Alexander},
  journal={Knowledge and Data Engineering, IEEE Transactions on},
  volume={17},
  number={6},
  pages={734--749},
  year={2005},
  publisher={IEEE}
}

@incollection{melville2010recommender,
  title={Recommender systems},
  author={Melville, Prem and Sindhwani, Vikas},
  booktitle={Encyclopedia of machine learning},
  pages={829--838},
  year={2010},
  publisher={Springer}
}

@inproceedings{tan2009collaborative,
  title={A collaborative filtering recommendation algorithm based on item classification},
  author={Tan, HengSong and Ye, HongWu},
  booktitle={Circuits, Communications and Systems, 2009. PACCS'09. Pacific-Asia Conference on},
  pages={694--697},
  year={2009},
  organization={IEEE}
}

@article{koren2009matrix,
  title={Matrix factorization techniques for recommender systems},
  author={Koren, Yehuda and Bell, Robert and Volinsky, Chris},
  journal={Computer},
  volume={42},
  number={8},
  pages={30--37},
  year={2009},
  publisher={Institute of Electrical and Electronics Engineers, Inc., 3 Park Avenue, 17 th Fl New York NY 10016-5997 United States}
}

@article{adomavicius2005incorporating,
  title={Incorporating contextual information in recommender systems using a multidimensional approach},
  author={Adomavicius, Gediminas and Sankaranarayanan, Ramesh and Sen, Shahana and Tuzhilin, Alexander},
  journal={ACM Transactions on Information Systems (TOIS)},
  volume={23},
  number={1},
  pages={103--145},
  year={2005},
  publisher={ACM}
}

@article{funahashi1998multilayer,
  title={Multilayer neural networks and Bayes decision theory},
  author={Funahashi, Ken-ichi},
  journal={Neural Networks},
  volume={11},
  number={2},
  pages={209--213},
  year={1998},
  publisher={Elsevier}
}

@book{kantor2011recommender,
  title={Recommender systems handbook},
  author={Kantor, Paul B and Rokach, Lior and Ricci, Francesco and Shapira, Bracha},
  year={2011},
  publisher={Springer}
}

@article{asanov2011algorithms,
  title={Algorithms and methods in recommender systems},
  author={Asanov, Daniar},
  journal={Berlin Institute of Technology, Berlin, Germany},
  year={2011}
}

@article{linden2003amazon,
  title={Amazon. com recommendations: Item-to-item collaborative filtering},
  author={Linden, Greg and Smith, Brent and York, Jeremy},
  journal={Internet Computing, IEEE},
  volume={7},
  number={1},
  pages={76--80},
  year={2003},
  publisher={IEEE}
}

@inproceedings{miller2003movielens,
  title={MovieLens unplugged: experiences with an occasionally connected recommender system},
  author={Miller, Bradley N and Albert, Istvan and Lam, Shyong K and Konstan, Joseph A and Riedl, John},
  booktitle={Proceedings of the 8th international conference on Intelligent user interfaces},
  pages={263--266},
  year={2003},
  organization={ACM}
}

@inproceedings{resnick1994grouplens,
  title={GroupLens: an open architecture for collaborative filtering of netnews},
  author={Resnick, Paul and Iacovou, Neophytos and Suchak, Mitesh and Bergstrom, Peter and Riedl, John},
  booktitle={Proceedings of the 1994 ACM conference on Computer supported cooperative work},
  pages={175--186},
  year={1994},
  organization={ACM}
}

@article{konstan1997grouplens,
  title={GroupLens: applying collaborative filtering to Usenet news},
  author={Konstan, Joseph A and Miller, Bradley N and Maltz, David and Herlocker, Jonathan L and Gordon, Lee R and Riedl, John},
  journal={Communications of the ACM},
  volume={40},
  number={3},
  pages={77--87},
  year={1997},
  publisher={ACM}
}

@incollection{schafer2007collaborative,
  title={Collaborative filtering recommender systems},
  author={Schafer, J Ben and Frankowski, Dan and Herlocker, Jon and Sen, Shilad},
  booktitle={The adaptive web},
  pages={291--324},
  year={2007},
  publisher={Springer}
}

@inproceedings{sun2010new,
  title={A new user-based collaborative filtering algorithm combining data-distribution},
  author={Sun, Zilei and Luo, Nianlong},
  booktitle={Information Science and Management Engineering (ISME), 2010 International Conference of},
  volume={2},
  pages={19--23},
  year={2010},
  organization={IEEE}
}

@book{turban2009electronic,
  title={Electronic commerce 2010},
  author={Turban, Efraim and Lee, Jae K and King, David and Liang, Ting Peng and Turban, Deborrah},
  year={2009},
  publisher={Prentice Hall Press}
}

@inproceedings{zhao2010user,
  title={User-based collaborative-filtering recommendation algorithms on hadoop},
  author={Zhao, Zhi-Dan and Shang, Ming-Sheng},
  booktitle={Knowledge Discovery and Data Mining, 2010. WKDD'10. Third International Conference on},
  pages={478--481},
  year={2010},
  organization={IEEE}
}

@inproceedings{wang2006unifying,
  title={Unifying user-based and item-based collaborative filtering approaches by similarity fusion},
  author={Wang, Jun and De Vries, Arjen P and Reinders, Marcel JT},
  booktitle={Proceedings of the 29th annual international ACM SIGIR conference on Research and development in information retrieval},
  pages={501--508},
  year={2006},
  organization={ACM}
}

@inproceedings{sarwar2001item,
  title={Item-based collaborative filtering recommendation algorithms},
  author={Sarwar, Badrul and Karypis, George and Konstan, Joseph and Riedl, John},
  booktitle={Proceedings of the 10th international conference on World Wide Web},
  pages={285--295},
  year={2001},
  organization={ACM}
}

@article{asanov2011algorithms,
  title={Algorithms and methods in recommender systems},
  author={Asanov, Daniar},
  journal={Berlin Institute of Technology, Berlin, Germany},
  year={2011}
}

@phdthesis{herlocker2000understanding,
  title={Understanding and improving automated collaborative filtering systems},
  author={Herlocker, Jonathan Lee},
  year={2000},
  school={University of Minnesota}
}

@inproceedings{shardanand1995social,
  title={Social information filtering: algorithms for automating “word of mouth”},
  author={Shardanand, Upendra and Maes, Pattie},
  booktitle={Proceedings of the SIGCHI conference on Human factors in computing systems},
  pages={210--217},
  year={1995},
  organization={ACM Press/Addison-Wesley Publishing Co.}
}

@incollection{massa2004using,
  title={Using trust in recommender systems: an experimental analysis},
  author={Massa, Paolo and Bhattacharjee, Bobby},
  booktitle={Trust Management},
  pages={221--235},
  year={2004},
  publisher={Springer}
}

@article{masum2004manifesto,
  title={Manifesto for the reputation society},
  author={Masum, Hassan and Zhang, Yi--Cheng},
  journal={First Monday},
  volume={9},
  number={7},
  year={2004}
}

@article{ramos2008ambient,
  title={Ambient intelligence—the next step for artificial intelligence},
  author={Ramos, Carlos and Augusto, Juan Carlos and Shapiro, Daniel},
  journal={Intelligent Systems, IEEE},
  volume={23},
  number={2},
  pages={15--18},
  year={2008},
  publisher={IEEE}
}

@incollection{Hayes:1995:SNP:216000.216035,
 author = {Hayes, Patrick J.},
 chapter = {The Second Naive Physics Manifesto},
 title = {Computation \&Amp; Intelligence},
 editor = {Luger, George F.},
 year = {1995},
 isbn = {0-262-62101-0},
 pages = {567--585},
 numpages = {19},
 url = {http://dl.acm.org/citation.cfm?id=216000.216035},
 acmid = {216035},
 publisher = {American Association for Artificial Intelligence},
 address = {Menlo Park, CA, USA},
}

@book{hayes1978naive,
  title={The naive physics manifesto},
  author={Hayes, Patrick J and others},
  year={1978},
  publisher={Universit{\'e} de Gen{\`e}ve, Institut pour les {\'e}tudes s{\'e}mantiques et cognitives}
}

@misc{hey1989system,
  title={System and method of predicting subjective reactions},
  author={Hey, John B},
  year={1989},
  month=sep # "~26",
  publisher={Google Patents},
  note={US Patent 4,870,579}
}

@article{goldberg1992using,
  title={Using collaborative filtering to weave an information tapestry},
  author={Goldberg, David and Nichols, David and Oki, Brian M and Terry, Douglas},
  journal={Communications of the ACM},
  volume={35},
  number={12},
  pages={61--70},
  year={1992},
  publisher={ACM}
}

@inproceedings{konstan1998recommender,
  title={Recommender systems: A grouplens perspective},
  author={Konstan, Joseph A and Riedl, John and Borchers, A and Herlocker, Jonathan L},
  booktitle={Recommender Systems: Papers from the 1998 Workshop (AAAI Technical Report WS-98-08)},
  pages={60--64},
  year={1998}
}

@inproceedings{vozalis2003recommender,
  title={Recommender systems: An experimental comparison of two filtering algorithms},
  author={Vozalis, Emmanouil G and Margaritis, Konstantinos G},
  booktitle={Proceedings of the 9th Panhellenic Conference in Informatics-PCI 2003},
  year={2003}
}


